@MISC{h-da-uml,
	author = {Dipl. Ing. Michael Guist},
	title = {Die Unified Modeling Language - UML},
	howpublished =
	{\url{https://www.fbi.h-da.de/labore/case/uml.html}},
	note = {Abruf: 2. Mai 2015},
	year = {2013}
}

